<?xml version="1.0" encoding="UTF-8"?><collection xmlns="http://www.loc.gov/MARC21/slim"><record><leader>00585nam--2200205-i-4500</leader><controlfield tag="001">000049433</controlfield><controlfield tag="002">20161230</controlfield><controlfield tag="005">20161230201047</controlfield><controlfield tag="008">060222s1000------------r-----000-0-rus-d</controlfield><datafield ind1=" " ind2=" " tag="040"><subfield code="a">IFIN-HH</subfield></datafield><datafield ind1=" " ind2=" " tag="041"><subfield code="a">rus</subfield></datafield><datafield ind1=" " ind2=" " tag="080"><subfield code="a">539.14</subfield></datafield><datafield ind1="1" ind2=" " tag="100"><subfield code="a">Blatt, John M</subfield></datafield><datafield ind1="1" ind2="0" tag="245"><subfield code="a">Teoreticeskaia iadernaia fizika</subfield><subfield code="c">John m. blatt, victor f. weisskopf</subfield></datafield><datafield ind1=" " ind2=" " tag="260"><subfield code="a">Moskva</subfield><subfield code="b">Inostrannoi Literaturi</subfield><subfield code="c">1954</subfield></datafield><datafield ind1=" " ind2=" " tag="300"><subfield code="a">658P</subfield></datafield><datafield ind1=" " ind2=" " tag="500"><subfield code="a">Titlul Original In Limba Engleza: Theoretical Nuclear Physics</subfield></datafield><datafield ind1="1" ind2=" " tag="700"><subfield code="a">Weisskopf, Victor F</subfield></datafield><datafield ind1=" " ind2=" " tag="852"><subfield code="a">3744</subfield><subfield code="c">539.14</subfield></datafield><datafield ind1=" " ind2=" " tag="CAT"><subfield code="a">Sys</subfield><subfield code="c">20120320</subfield><subfield code="h">101846</subfield></datafield></record></collection>